
@misc{trajectory:online,
author = {},
title = {日本機械学会 | 軌道計画[JSME Mechanical Engineering Dictionary]},
howpublished = {\url{https://www.jsme.or.jp/jsme-medwiki/doku.php?id=14:1002683}},
month = {7},
year = {2017},
note = {(Accessed on 7/13/2023)}
}
@misc{trajectory2:online,
author = {},
title = {日本機械学会 | 経路計画[JSME Mechanical Engineering Dictionary]},
howpublished = {\url{https://www.jsme.or.jp/jsme-medwiki/doku.php?id=14:1003539}},
month = {2},
year = {2023},
note = {(Accessed on 7/13/2023)}
}
@misc{path-traj1:online,
author = {},
title = {kikakurui.com | JIS B 0186:2003 移動ロボット-用語},
howpublished = {\url{https://kikakurui.com/b0/B0186-2020-01.html}},
month = {},
year = {},
note = {(Accessed on 7/13/2023)}
}
@misc{path-traj2:online,
author = {},
title = {Tokoro's Tech-Note | [techaday:0007]軌道と経路の違い},
howpublished = {\url{https://blog.tokor.org/2015/12/01/%E8%BB%8C%E9%81%93%E3%81%A8%E7%B5%8C%E8%B7%AF%E3%81%AE%E9%81%95%E3%81%84/}},
month = {12},
year = {2015},
note = {(Accessed on 7/13/2023)}
}
@misc{path1:online,
author = {},
title = {工業大学生ももやまのうさぎ塾 | うさぎでもわかる離散数学（グラフ理論）　第14羽　ダイクストラ法による最短経路の求め方},
howpublished = {\url{https://www.momoyama-usagi.com/entry/math-risan14}},
month = {10},
year = {2019},
note = {(Accessed on 7/13/2023)}
}
@misc{path2:online,
author = {彌城 祐亮, 江口 和樹, 岩崎 聡, 山内 由章, 中田 昌宏},
title = {ポテンシャル法によるロボット製品の障害物回避技術の開発．三菱重工技報． (2014)，Vol.51，No.1，p.40-45.},
}
@misc{pathpt1:online,
author = {},
title = {Qiita | 【Python】Pythonでポテンシャル場の計算},
howpublished = {\url{https://qiita.com/koichi_baseball/items/32e590f4d6151ca2072a}},
month = {6},
year = {2020},
note = {(Accessed on 7/13/2023)}
}
@misc{path3:online,
author = {諸岡 健一},
title = {九州大学 | コンフィギュレーション空間},
howpublished = {\url{http://fortune.ait.kyushu-u.ac.jp/~morooka/lecture/Lecture03.pdf}},
month = {},
year = {},
note = {(Accessed on 7/13/2023)}
}
@misc{path4:online,
author = {},
title = {アールティヒューマノイドロボットブログ | ロボットアーム研修(まえけん編) その10 ~関節空間上の軌道生成~
},
howpublished = {\url{https://rt-net.jp/humanoid/archives/1939#toc3}},
month = {7},
year = {2020},
note = {(Accessed on 7/13/2023)}
}

@misc{path5:online,
author = {},
title = {ひつじTips | ロボットの人工ポテンシャル法をざっくり解説する},
howpublished = {\url{https://mu-777.hatenablog.com/entry/2022/01/08/152647#%E4%BA%BA%E5%B7%A5%E3%83%9D%E3%83%86%E3%83%B3%E3%82%B7%E3%83%A3%E3%83%AB%E6%B3%95%E3%81%AF%E4%BD%95%E3%82%92%E3%81%99%E3%82%8B%E3%82%82%E3%81%AE%E3%81%8B}},
month = {1},
year = {2022},
note = {(Accessed on 7/13/2023)}
}